%YAML 1.1
%TAG !u! tag:unity3d.com,2011:
--- !u!1 &612815620085552245
GameObject:
  m_ObjectHideFlags: 0
  m_CorrespondingSourceObject: {fileID: 0}
  m_PrefabInstance: {fileID: 0}
  m_PrefabAsset: {fileID: 0}
  serializedVersion: 6
  m_Component:
  - component: {fileID: 6505434772717284557}
  - component: {fileID: 6957275527690101859}
  - component: {fileID: 6182646531767586291}
  - component: {fileID: 8134357569623418591}
  m_Layer: 9
  m_Name: PlayerAxe
  m_TagString: Axe
  m_Icon: {fileID: 0}
  m_NavMeshLayer: 0
  m_StaticEditorFlags: 0
  m_IsActive: 1
--- !u!4 &6505434772717284557
Transform:
  m_ObjectHideFlags: 0
  m_CorrespondingSourceObject: {fileID: 0}
  m_PrefabInstance: {fileID: 0}
  m_PrefabAsset: {fileID: 0}
  m_GameObject: {fileID: 612815620085552245}
  m_LocalRotation: {x: 0, y: 0, z: 0, w: 1}
  m_LocalPosition: {x: 671.75903, y: 73.3972, z: -297.61008}
  m_LocalScale: {x: 0.20000003, y: 0.2, z: 0.2}
  m_Children:
  - {fileID: 3078229281486368316}
  m_Father: {fileID: 0}
  m_RootOrder: 0
  m_LocalEulerAnglesHint: {x: 0, y: 0, z: 0}
--- !u!65 &6957275527690101859
BoxCollider:
  m_ObjectHideFlags: 0
  m_CorrespondingSourceObject: {fileID: 0}
  m_PrefabInstance: {fileID: 0}
  m_PrefabAsset: {fileID: 0}
  m_GameObject: {fileID: 612815620085552245}
  m_Material: {fileID: 0}
  m_IsTrigger: 0
  m_Enabled: 1
  serializedVersion: 2
  m_Size: {x: 0.3, y: 4, z: 1.1}
  m_Center: {x: 0, y: 1.8, z: 0}
--- !u!54 &6182646531767586291
Rigidbody:
  m_ObjectHideFlags: 0
  m_CorrespondingSourceObject: {fileID: 0}
  m_PrefabInstance: {fileID: 0}
  m_PrefabAsset: {fileID: 0}
  m_GameObject: {fileID: 612815620085552245}
  serializedVersion: 2
  m_Mass: 1
  m_Drag: 0
  m_AngularDrag: 0.05
  m_UseGravity: 1
  m_IsKinematic: 0
  m_Interpolate: 0
  m_Constraints: 0
  m_CollisionDetection: 0
--- !u!114 &8134357569623418591
MonoBehaviour:
  m_ObjectHideFlags: 0
  m_CorrespondingSourceObject: {fileID: 0}
  m_PrefabInstance: {fileID: 0}
  m_PrefabAsset: {fileID: 0}
  m_GameObject: {fileID: 612815620085552245}
  m_Enabled: 1
  m_EditorHideFlags: 0
  m_Script: {fileID: 11500000, guid: 8189bd1373dd16c47a2fa00a7cbad50b, type: 3}
  m_Name: 
  m_EditorClassIdentifier: 
  player: {fileID: 3527588013373497982, guid: e22ae9260790cd346bba383e4971e35b, type: 3}
  item: {fileID: 11400000, guid: 3fcc6aa0cb6e1e340962fe6bb5baad93, type: 2}
  socket: {fileID: 0}
  beingCarried: 0
  released: 0
  isPiece: 0
  isAxe: 1
  isBow: 0
  isThrowable: 0
  rb: {fileID: 0}
  collider: {fileID: 0}
  inventory: {fileID: 0}
  audio: {fileID: 0}
--- !u!1001 &3077820799092121744
PrefabInstance:
  m_ObjectHideFlags: 0
  serializedVersion: 2
  m_Modification:
    m_TransformParent: {fileID: 6505434772717284557}
    m_Modifications:
    - target: {fileID: 1606967472505530, guid: 4a33b80a5261a0e439b31f0284e6dd3e, type: 3}
      propertyPath: m_Name
      value: Copper_Waraxe
      objectReference: {fileID: 0}
    - target: {fileID: 1606967472505530, guid: 4a33b80a5261a0e439b31f0284e6dd3e, type: 3}
      propertyPath: m_Layer
      value: 9
      objectReference: {fileID: 0}
    - target: {fileID: 4095188368789164, guid: 4a33b80a5261a0e439b31f0284e6dd3e, type: 3}
      propertyPath: m_LocalPosition.x
      value: 0
      objectReference: {fileID: 0}
    - target: {fileID: 4095188368789164, guid: 4a33b80a5261a0e439b31f0284e6dd3e, type: 3}
      propertyPath: m_LocalPosition.y
      value: 0
      objectReference: {fileID: 0}
    - target: {fileID: 4095188368789164, guid: 4a33b80a5261a0e439b31f0284e6dd3e, type: 3}
      propertyPath: m_LocalPosition.z
      value: 0
      objectReference: {fileID: 0}
    - target: {fileID: 4095188368789164, guid: 4a33b80a5261a0e439b31f0284e6dd3e, type: 3}
      propertyPath: m_LocalRotation.x
      value: -0
      objectReference: {fileID: 0}
    - target: {fileID: 4095188368789164, guid: 4a33b80a5261a0e439b31f0284e6dd3e, type: 3}
      propertyPath: m_LocalRotation.y
      value: -0
      objectReference: {fileID: 0}
    - target: {fileID: 4095188368789164, guid: 4a33b80a5261a0e439b31f0284e6dd3e, type: 3}
      propertyPath: m_LocalRotation.z
      value: -0
      objectReference: {fileID: 0}
    - target: {fileID: 4095188368789164, guid: 4a33b80a5261a0e439b31f0284e6dd3e, type: 3}
      propertyPath: m_LocalRotation.w
      value: 1
      objectReference: {fileID: 0}
    - target: {fileID: 4095188368789164, guid: 4a33b80a5261a0e439b31f0284e6dd3e, type: 3}
      propertyPath: m_RootOrder
      value: 0
      objectReference: {fileID: 0}
    - target: {fileID: 4095188368789164, guid: 4a33b80a5261a0e439b31f0284e6dd3e, type: 3}
      propertyPath: m_LocalEulerAnglesHint.x
      value: 0
      objectReference: {fileID: 0}
    - target: {fileID: 4095188368789164, guid: 4a33b80a5261a0e439b31f0284e6dd3e, type: 3}
      propertyPath: m_LocalEulerAnglesHint.y
      value: 0
      objectReference: {fileID: 0}
    - target: {fileID: 4095188368789164, guid: 4a33b80a5261a0e439b31f0284e6dd3e, type: 3}
      propertyPath: m_LocalEulerAnglesHint.z
      value: 0
      objectReference: {fileID: 0}
    - target: {fileID: 65839197217664746, guid: 4a33b80a5261a0e439b31f0284e6dd3e,
        type: 3}
      propertyPath: m_Enabled
      value: 0
      objectReference: {fileID: 0}
    m_RemovedComponents: []
  m_SourcePrefab: {fileID: 100100000, guid: 4a33b80a5261a0e439b31f0284e6dd3e, type: 3}
--- !u!4 &3078229281486368316 stripped
Transform:
  m_CorrespondingSourceObject: {fileID: 4095188368789164, guid: 4a33b80a5261a0e439b31f0284e6dd3e,
    type: 3}
  m_PrefabInstance: {fileID: 3077820799092121744}
  m_PrefabAsset: {fileID: 0}
